@book{bishop,
	author = {Christopher M. Bishop},
	title = {Pattern Recognition and Machine Learning},
	year = {2006},
}



